@inproceedings{lapponi2012uio,
  title={Uio 2: sequence-labeling negation using dependency features},
  author={Lapponi, Emanuele and Velldal, Erik and {\O}vrelid, Lilja and Read, Jonathon},
  booktitle={* SEM 2012: The First Joint Conference on Lexical and Computational Semantics--Volume 1: Proceedings of the main conference and the shared task, and Volume 2: Proceedings of the Sixth International Workshop on Semantic Evaluation (SemEval 2012)},
  pages={319--327},
  year={2012}
}
@article{thundersvm,
	author = {Wen, Zeyi and Shi, Jiashuai and Li, Qinbin and He, Bingsheng and Chen, Jian},
	journal = {Journal of Machine Learning Research},
	month = {1},
	number = {21},
	pages = {1--5},
	publisher = {The MIT Press},
	title = {{ThunderSVM: A Fast SVM Library on GPUs and CPUs}},
	volume = {19},
	year = {2018},
	url = {https://jmlr.org/papers/volume19/17-740/17-740.pdf},
}

@inproceedings{xgb2019,
  title={Supervised learning approaches to detect negation cues in Spanish reviews},
  author={Domınguez-Mas, L. and Ronzano, F. and Furlong, L. I.},
  journal={In Proceedings of the Iberian Languages Evaluation Forum (IberLEF 2019), CEUR Workshop Proceedings},
  year={2019}
}


@article{story2020,
  title={Negation and Speculation in NLP: A Survey, Corpora, Methods, and Applications},
  author={Mahany, A. and Khaled, H. and Elmitwally, NS. and Aljohani, N. and Ghoniemy, S.},
  journal={Applied Sciences},
  volume={12},
  number={10},
  year={2020},
  doi = {https://doi.org/10.3390/app1210520}
}



@article{cruz2016machine,
  title={A machine-learning approach to negation and speculation detection for sentiment analysis},
  author={Cruz, Noa P and Taboada, Maite and Mitkov, Ruslan},
  journal={Journal of the Association for Information Science and Technology},
  volume={67},
  number={9},
  pages={2118--2136},
  year={2016},
  publisher={Wiley Online Library}
}

@article{mehrabi2015deepen,
  title={DEEPEN: A negation detection system for clinical text incorporating dependency relation into NegEx},
  author={Mehrabi, Saeed and Krishnan, Anand and Sohn, Sunghwan and Roch, Alexandra M and Schmidt, Heidi and Kesterson, Joe and Beesley, Chris and Dexter, Paul and Schmidt, C Max and Liu, Hongfang and others},
  journal={Journal of biomedical informatics},
  volume={54},
  pages={213--219},
  year={2015},
  publisher={Elsevier}
}
@article{velldal2012speculation,
  title={Speculation and negation: Rules, rankers, and the role of syntax},
  author={Velldal, Erik and {\O}vrelid, Lilja and Read, Jonathon and Oepen, Stephan},
  journal={Computational linguistics},
  volume={38},
  number={2},
  pages={369--410},
  year={2012},
  publisher={MIT Press One Rogers Street, Cambridge, MA 02142-1209, USA journals-info~…}
}

@inproceedings{chowdhury2012fbk,
  title={FBK: Exploiting phrasal and contextual clues for negation scope detection},
  author={Chowdhury, Md Faisal Mahbub},
  booktitle={* SEM 2012: The First Joint Conference on Lexical and Computational Semantics--Volume 1: Proceedings of the main conference and the shared task, and Volume 2: Proceedings of the Sixth International Workshop on Semantic Evaluation (SemEval 2012)},
  pages={340--346},
  year={2012}
}

@article{morante2011annotation,
  title={Annotation of negation cues and their scope: Guidelines v1},
  author={Morante, Roser and Schrauwen, Sarah and Daelemans, Walter},
  journal={Computational linguistics and psycholinguistics technical report series, CTRS-003},
  pages={1--42},
  year={2011}
}

@article{jbara-2012,
	author = {Jbara, Amjad Abu and Radev, Dragomir R.},
	journal = {Joint Conference on Lexical and Computational Semantics},
	month = {6},
	pages = {328--334},
	title = {{UMichigan: A Conditional Random Field Model for Resolving the Scope of Negation}},
	volume = {1},
	year = {2012},
	url = {https://www.aclweb.org/anthology/S12-1043.pdf},
}


@inproceedings{morante2012sem,
  title={* sem 2012 shared task: Resolving the scope and focus of negation},
  author={Morante, Roser and Blanco, Eduardo},
  booktitle={* SEM 2012: The First Joint Conference on Lexical and Computational Semantics--Volume 1: Proceedings of the main conference and the shared task, and Volume 2: Proceedings of the Sixth International Workshop on Semantic Evaluation (SemEval 2012)},
  pages={265--274},
  year={2012}
}


@article{lin2020does,
  title={Does BERT need domain adaptation for clinical negation detection?},
  author={Lin, Chen and Bethard, Steven and Dligach, Dmitriy and Sadeque, Farig and Savova, Guergana and Miller, Timothy A},
  journal={Journal of the American Medical Informatics Association},
  volume={27},
  number={4},
  pages={584--591},
  year={2020},
  publisher={Oxford University Press}
}

@article{scikit-learn,
 title={Scikit-learn: Machine Learning in {P}ython},
 author={Pedregosa, F. and Varoquaux, G. and Gramfort, A. and Michel, V.
         and Thirion, B. and Grisel, O. and Blondel, M. and Prettenhofer, P.
         and Weiss, R. and Dubourg, V. and Vanderplas, J. and Passos, A. and
         Cournapeau, D. and Brucher, M. and Perrot, M. and Duchesnay, E.},
 journal={Journal of Machine Learning Research},
 volume={12},
 pages={2825--2830},
 year={2011}
}

@article{vapnik1995,
  title={Support-vector networks},
  author={Cortes, C. and Vapnik, V.},
  journal={Machine learning},
  volume={20},
  pages={273--297},
  year={1995}
}


@article{robust2009,
  title={Robustness and Regularization of Support Vector Machines},
  author={Xu, H. and Caramanis, C. and Mannor, S.},
  journal={Journal of machine learning research},
  volume={10},
  number={7},
  year={2009}
}


@inproceedings{jimenez2020detecting,
  title={Detecting negation cues and scopes in Spanish},
  author={Jim{\'e}nez-Zafra, Salud Mar{\'\i}a and Morante, Roser and Blanco, Eduardo and Mart{\'\i}n-Valdivia, Mar{\'\i}a-Teresa and L{\'o}pez, L Alfonso Ure{\~n}a},
  booktitle={Proceedings of the Twelfth Language Resources and Evaluation Conference},
  pages={6902--6911},
  year={2020}
}

@inproceedings{hossain2020predicting,
  title={Predicting the focus of negation: Model and error analysis},
  author={Hossain, Md Mosharaf and Hamilton, Kathleen and Palmer, Alexis and Blanco, Eduardo},
  booktitle={Proceedings of the 58th Annual Meeting of the Association for Computational Linguistics},
  pages={8389--8401},
  year={2020}
}
@misc{minasny2009elements,
  title={The Elements of Statistical Learning, Trevor Hastie, Robert Tishirani, Jerome Friedman, (2009), Springer Series in Statistics, ISBN 0172-7397, 745 pp},
  author={Minasny, Budiman},
  year={2009},
  publisher={Elsevier}
}